@Comment{Questo file BIB Ã¨ stato generato automaticamente dallo script Python.}

@incollection{Bernardini2020Quanti,
  author     = {Bernardini, N.},
  title      = {Quantitative considerations over the Tapes of Giacinto Scelsi},
  year       = {2020},
  pages      = {184},
  booktitle  = {i, N., Pellegrini, A.C., "Quantitative considerations over the Tapes of Giacinto Scelsi"},
  editor     = {boooooo},
  publisher  = {boooooo},
  address    = {booooooo},
}
@incollection{bernardini_pellegrini_scelsi_2016,
  author    = {Nicola Bernardini and Alessandra Carlotta Pellegrini},
  title     = {Quantitative Considerations about the Tapes of Giacinto Scelsi},
  booktitle = {Text and Beyond. The Process of Music Composition from the 19th to the 20th Century},
  editor    = {Jonathan Goldman},
  publisher = {Ut Orpheus Studies},
  year      = {2016},
  pages     = {42--50},
  address   = {Bologna}
}


@article{fourier1994,
	author = {Fourier, Laurent},
	title = {Jean--{J}acques {P}errey and the {O}ndioline},
	journal = {Computer Music Journal},
	volume = {18},
	number = {4},
	year = {Winter 1994},
}


@misc{jaeckercatalogue,
	title = {I nastri di {G}iacinto {S}celsi},
	author = {Jaecker, Friedrich},
	year = {2010},
	version = {9.11.2010},
	notes = {Fondazione Isabella Scelsi, internal documentation},
}

@inproceedings{pro:beracpmm4ch2011,
    author = {Bernardini, Nicola and Pellegrini, Alessandra Carlotta},
    title = {The multimedia archive of the {F}ondazione {I}sabella {S}celsi},
    booktitle = {Multimedia for Cultural Heritage},
		editor = {Grana, Costantino and Cucchiara, Rita},
    publisher = {Springer},
    address = {Berlin},
    year = {2012},
		series = {Communications in Computer and Information Science},
		volume = {247},
    doi = {10.1007/978-3-642-27978-2},
		isbn = {978-3-642-27978-2},
}

@InProceedings{pro:scelsitapes2007,
	title = {Recovering {G}iacinto {S}celsi's Tapes},
	author = {Bernardini, Nicola},
	booktitle = {Proceedings of the International Computer Music Conference 2007},
	publisher = {International Computer Music Association},
	address = {Copenhagen, Denmark},
	year = {2007},
}

@InProceedings{pro:scelsitapes2006,
	title = {Il recupero dei nastri di {G}iacinto {S}celsi},
	author = {Bernardini, N.},
	booktitle = {Atti della 5a Biennale del Restauro Audio},
	publisher = {\emph{Mirage}, Universit\`a di Udine},
	address = {Treviso, Italy},
	year = {2006},
}
