%
% $Id$
%
@article{fourier1994,
	author = {Fourier, Laurent},
	title = {Jean--{J}acques {P}errey and the {O}ndioline},
	journal = {Computer Music Journal},
	volume = {18},
	number = {4},
	year = {Winter 1994},
}

@article{metzger1983,
	author = {Metzger, Heinz--Klaus},
	title = {Das {U}nbekannte in der {M}usik},
	journal = {Musik--Konzepte},
	year = {May 1983},
	number = {31},
	volume = {10},
}

@article{freeman1991,
	title = {Tanmatras: {T}he {L}ife and {W}ork of {G}iacinto {S}celsi},
	author = {Freeman, Robin},
	journal = {Tempo},
	number = {176},
	year = {March 1991},
	pages = {8--18},
}

@book{castanetcisternino1993,
	title = {Giacinto {S}celsi, {V}iaggio al centro del suono},
	editor = {Castanet, Pierre Albert and Cisternino, Nicola},
	address = {La {S}pezia},
	publisher = {Luna {E}ditore},
	year = {1st Edition 1993},
}

@book{castanetcisternino2001,
	title = {Giacinto {S}celsi, {V}iaggio al centro del suono},
	editor = {Castanet, Pierre Albert and Cisternino, Nicola},
	address = {La {S}pezia},
	publisher = {Luna {E}ditore},
	year = {2nd Edition 2001},
}

@misc{fis_statute,
    title = {Fondazione {I}sabella {S}celsi, {A}tto {C}ostitutivo},
    year = {21 gennaio 1987},
}

@book{sogno101,
    title = {Giacinto {S}celsi: {I}l sogno 101},
    editor = {Martinis, Luciano and Pellegrini, Alessandra Carlotta},
    address = {Macerata},
    publisher = {Quodlibet},
    year = {2010},
}

@book{kanachmartinis2006,
	title = {Giacinto {S}celsi: {L}es anges sont ailleurs\dots},
	editor = {Kanach, Sharon and Martinis, Luciano},
	address = {Arles},
	publisher = {Actes {S}ud},
	year = {2006},
}

@book{AP2010,
    editor = {Dings{\o}yr, Torgeir and Dyb{\aa}, Tore and Moe, Nils Brede (ed.)},
    title =  {Agile {S}oftware {D}evelopment: Current Research and Future Directions},
    publisher = {Springer},
    address = {Berlin, Heidelberg},
    year = {2010},
}

@misc{jaeckercatalogue,
	title = {I nastri di {G}iacinto {S}celsi},
	author = {Jaecker, Friedrich},
	year = {2010},
	version = {9.11.2010},
	notes = {Fondazione Isabella Scelsi, internal documentation},
}

@inproceedings{pro:beracpmm4ch2011,
    author = {Bernardini, Nicola and Pellegrini, Alessandra Carlotta},
    title = {The multimedia archive of the {F}ondazione {I}sabella {S}celsi},
    booktitle = {Multimedia for Cultural Heritage},
		editor = {Grana, Costantino and Cucchiara, Rita},
    publisher = {Springer},
    address = {Berlin},
    year = {2012},
		series = {Communications in Computer and Information Science},
		volume = {247},
    doi = {10.1007/978-3-642-27978-2},
		isbn = {978-3-642-27978-2},
}

@InProceedings{pro:scelsitapes2007,
	title = {Recovering {G}iacinto {S}celsi's Tapes},
	author = {Bernardini, Nicola},
	booktitle = {Proceedings of the International Computer Music Conference 2007},
	publisher = {International Computer Music Association},
	address = {Copenhagen, Denmark},
	year = {2007},
}

@InProceedings{pro:scelsitapes2006,
	title = {Il recupero dei nastri di {G}iacinto {S}celsi},
	author = {Bernardini, N.},
	booktitle = {Atti della 5a Biennale del Restauro Audio},
	publisher = {\emph{Mirage}, Universit\`a di Udine},
	address = {Treviso, Italy},
	year = {2006},
}
