@Comment{Questo file BIB Ã¨ stato generato automaticamente dallo script Python.}

@inproceedings{Bernardini2007recoveringgia,
  author     = {Bernardini, N.},
  title      = {Recovering Giacinto Scelsi's Tapes},
  year       = {2007},
  pages      = {170},
  booktitle  = {Proceedings of the International Computer Music Conference 2007},
  address    = {Copenhagen},
  publisher  = {International Computer Music Association},
  note        = {Orig: Bernardini, N., "Recovering Giacinto Scelsi's Tape"}
}

@incollection{Bernardini2012themul,
  author     = {Bernardini, N.},
  title      = {The Multimedia Archive of the Fondazione Isabella Scelsi},
  year       = {2012},
  pages      = {184},
  booktitle  = {i, N., Pellegrini, A.C., "The Multimedia Archive of the Fondazione Isabella Scelsi", in Multimedia for Cultural Heritage},
  editor     = {Costantino Grana and Rita Cucchiara},
  publisher  = {Springer},
  address    = {Berlin},
  note        = {Orig: Bernardini, N., Pellegrini, A.C., "The Multimedia ...}
}


@incollection{Bernardini2020Quanti,
  author     = {Bernardini, N.},
  title      = {Quantitative considerations over the Tapes of Giacinto Scelsi},
  year       = {2020},
  pages      = {184},
  booktitle  = {i, N., Pellegrini, A.C., "Quantitative considerations over the Tapes of Giacinto Scelsi"},
  editor     = {boooooo},
  publisher  = {boooooo},
  address    = {booooooo},
}


@article{Fourier1994,
  author     = {Fourier, L.},
  year       = {1994},
  pages      = {177},
  journal    = {Computer Music Journal},
  volume     = {18},
  note        = {Orig: Fourier, L., 'Jean-Jacques Perrey and the Ondiolin...}
}
