@InProceedings{Bernardini2007Recovering,
  author    = {Bernardini, Nicola},
  title     = {Recovering Giacinto Scelsi's Tapes},
  booktitle = {Proceedings of the International Computer Music Conference 2007},
  year      = {2007},
  address   = {Copenhagen},
  publisher = {International Computer Music Association},
  pages     = {169--174}, % Ho visto citazioni a p.169, p.170, p.172, p.173, p.174 da questo
  note      = {Riferimento per introduzione.md [^1], [^4]; sezioneI.md [^1], [^4]; sezioneIII.md [^39]; sezioneIV.md [^52], [^53], [^60], [^61], [^63], [^64]}
}

@InCollection{BernardiniPellegrini2012Multimedia,
  author    = {Bernardini, Nicola and Pellegrini, Anna Carla},
  title     = {The Multimedia Archive of the Fondazione Isabella Scelsi},
  booktitle = {Multimedia for Cultural Heritage},
  editor    = {Grana, Costantino and Cucchiara, Rita},
  publisher = {Springer},
  year      = {2012},
  address   = {Berlin},
  pages     = {176--190}, % Ho visto citazioni a p.176, p.177, p.184, p.185, p.188, p.190 da questo
  note      = {Riferimento per introduzione.md [^2], [^3]; sezioneI.md [^2], [^3], [^7]; sezioneII.md [^16], [^24]; sezioneIV.md [^59]}
}


@Comment{La seguente voce è basata su sezioneI.md [^12] e [^13]}
@Misc{BernardiniPellegriniYYYYQuantitative,
  author    = {Bernardini, Nicola and Pellegrini, Anna Carla},
  title     = {Quantitative considerations on the Giacinto Scelsi tape collection},
  year      = {YYYY}, % Anno non specificato nel Markdown, potrebbe essere parte di un report o pubblicazione più ampia.
  howpublished = {Presumibilmente parte di una pubblicazione o report della Fondazione Isabella Scelsi o progetto correlato},
  pages     = {47--49}, % Citazioni a p.47, p.48, p.49
  note      = {Riferimento per sezioneI.md [^12], [^13]; sezioneII.md [^22], [^23]. L'anno e il contesto di pubblicazione esatti di 'Quantitative considerations' non sono chiari dal Markdown fornito. Potrebbe essere una sezione di 'The Multimedia Archive...'. Se sì, questa voce andrebbe unita.}
}

@Comment{La seguente voce è basata su sezioneII.md [^30]}
@Article{Fourier1994Ondioline,
  author    = {Fourier, Laurent},
  title     = {Jean-Jacques Perrey and the Ondioline},
  journal   = {Computer Music Journal},
  year      = {1994},
  volume    = {18},
  number    = {4},
  note      = {Citato in Bernardini, Pellegrini, 'The Multimedia Archive', p. 177. Riferimento per sezioneII.md [^30]}
}